
<record>
  <controlfield tag="001">1412408</controlfield>
  <datafield tag="035" ind1=" " ind2=" ">
    <subfield code="9">DESY</subfield>
    <subfield code="z">DA16-kp02p</subfield>
  </datafield>
  <datafield tag="245" ind1=" " ind2=" ">
    <subfield code="a">The results from LHCf : very forward measurements for cosmic ray interactions</subfield>
  </datafield>
</record>