
<record>
  <controlfield tag="001">1412371</controlfield>
  <datafield tag="035" ind1=" " ind2=" ">
    <subfield code="9">DESY</subfield>
    <subfield code="z">DA16-kp02p</subfield>
  </datafield>
  <datafield tag="245" ind1=" " ind2=" ">
    <subfield code="a">Study of the neutral baryon production at the very forward region of the LHC</subfield>
  </datafield>
</record>

</collection>